@other{deconstructing-code,
    author = "Jey Kesan and Rajiv Shah"
    title = "Deconstructing Code"
    journal = "Yale Journal of Law and Technology 6"
    pages = "277--389"
    chapter = "II.B (Netscape's cookies)"
    URL = "https://ssrn.com/abstract=597543"
}
